@INBOOK{Rueckle,
title = "Coaching",
author = "Horst R{\"{u}}ckle",
year = 1992
}

@MISC{wclipart,
title = "https://www.wpclipart.com"
}

@MISC{needpix,
title = "https://www.needpix.com"
}

@BOOK{DorlingAtlas,
title = "Anatomie--Atlas",
publisher = "Dorling Kindersley Verlag",
author = "und die Autoren",
year = "2002"
}

@INBOOK{PortaStress,
page = "154",
title = "Gib den Stress--Hormonen was sie brauchen",
author = "Professor Sepp Porta",
publisher = "Kreuz--Verlag",
year = 2002
}


% Intelligente Zellen
@BOOK{LiptonCell,
title = "The biology of belief",
author = "Dr. Bruce H. Lipton",
publisher = "Hay house, Incorporated",
year = 2002,
}

@BOOK{SpitzerLernen,
author = "Manfried Spitzer",
title = "Lernen, Gehirnforschung und die Schule des Lebens",
publisher = "Spektrum Akademischer Verlag, Heidelberg",
year = 2002
}

@MISC{Teachsam,
title = "www.teachsam.de"
}

@BOOK{Photoreading,
author = "Paul R. Scheele",
title = "PhotoReading",
publisher = "Learning Strategies Corp",
year= 2000
}

@MISC{BlausenLimbic,
author = "Bruce Blausen, Blausen.com staff",
year = 2014,
title = "Medical gallery of Blausen Medical 2014",
publisher = "WikiJournal of Medicine 1 (2)",
note = " DOI:10.15347/wjm/2014.010. - Own work, CC BY 3.0, https://commons.wikimedia.org/w/index.php?curid=29025011 & 29025010",
ISBN = "2002-4436"
}


@MISC{DACH,
title = "Deutsche {G}esellschaft f{\"{u}}r {E}rn{\"{a}}hrung {e. V. (DGE)},\\
{\"{O}}sterreichische {G}esellschaft f{\"{u}}r {E}rn{\"{a}}hrung {(\"OGE)},\\
{S}chweizerische {G}esellschaft f{\"{u}}r {E}rn{\"{a}}hrungsforschung {(SGE)}" }

@BOOK{AAtlas,
author = "Dr. Tony Smith",
title = "Anatomie--Atlas",
isbn = "978-3-8310-1116-2",
year = 2007,
publisher = "DK Verlag, M{\"{u}}nchen"
}

@BOOK{ZimbardoPsych,
author = "Philip G. Zimbardo",
title = "Psychologie",
}

@ARTICLE{LewinWater,
author = "Roger Lewin",
year = 1980,
title = "Is Your Brain Really Necessary?",
journal = "Science",
edition = 210,
pages = "1232--1234"
}

@MISC{JSkinner,
author = "Joan Skinner"
}



