@MISC{wclipart,
url = "https://www.wpclipart.com"
}

@BOOK{DorlingAtlas,
title = "Anatomie--Atlas",
publisher = "Dorling Kindersley Verlag",
author = "und die Autoren",
year = 2002
}

@MISC{InterSchmid,
title = "Interview with Mark Schnid--Neuhaus"
}

@BOOK{LiptonCell,
author = "Dr. Bruce H. Lipton",
title = "The Biology of Beliefs",
publisher = "Hay House"
year = 2005
}